<record><leader>01765pam a2200397 i 4500</leader><controlfield tag="001">6815627</controlfield><controlfield tag="003">OCoLC</controlfield><controlfield tag="005">20150217130323.0</controlfield><controlfield tag="008">140815s2015    nyuab    b    001 0 eng  </controlfield><datafield ind1=" " ind2=" " tag="010"><subfield code="a">  2014025209</subfield></datafield><datafield ind1=" " ind2=" " tag="020"><subfield code="a">9781479809936</subfield><subfield code="q">hardback</subfield></datafield><datafield ind1=" " ind2=" " tag="020"><subfield code="a">1479809934</subfield><subfield code="q">hardback</subfield></datafield><datafield ind1=" " ind2=" " tag="035"><subfield code="a">ocn898592165</subfield></datafield><datafield ind1=" " ind2=" " tag="040"><subfield code="a">DLC</subfield><subfield code="b">eng</subfield><subfield code="e">rda</subfield><subfield code="c">DLC</subfield><subfield code="d">YDXCP</subfield><subfield code="d">BTCTA</subfield><subfield code="d">BDX</subfield><subfield code="d">OCLCO</subfield><subfield code="d">OCLCQ</subfield><subfield code="d">TMK</subfield><subfield code="d">OCLCQ</subfield><subfield code="d">CDX</subfield><subfield code="d">UAB</subfield><subfield code="d">AEU</subfield></datafield><datafield ind1=" " ind2=" " tag="042"><subfield code="a">pcc</subfield></datafield><datafield ind1=" " ind2=" " tag="043"><subfield code="a">nwht---</subfield><subfield code="a">nwbf---</subfield></datafield><datafield ind1="0" ind2="0" tag="050"><subfield code="a">BX4835.H2</subfield><subfield code="b">L68 2015</subfield></datafield><datafield ind1="0" ind2="0" tag="082"><subfield code="a">280/.4089969729407296</subfield><subfield code="2">23</subfield></datafield><datafield ind1=" " ind2=" " tag="084"><subfield code="a">REL000000</subfield><subfield code="a">SOC002010</subfield><subfield code="2">bisacsh</subfield></datafield><datafield ind1=" " ind2=" " tag="090"><subfield code="a">BX 4835 H2 L68 2015</subfield><subfield code="b">AEU</subfield></datafield><datafield ind1="1" ind2=" " tag="100"><subfield code="a">Louis, Bertin M.,</subfield><subfield code="c">Jr.,</subfield><subfield code="e">author.</subfield></datafield><datafield ind1="1" ind2="0" tag="245"><subfield code="a">My soul is in Haiti :</subfield><subfield code="b">Protestantism in the Haitian diaspora of the Bahamas /</subfield><subfield code="c">Bertin M. Louis, Jr.</subfield></datafield><datafield ind1=" " ind2="1" tag="264"><subfield code="a">New York :</subfield><subfield code="b">New York University Press,</subfield><subfield code="c">[2015]</subfield></datafield><datafield ind1=" " ind2=" " tag="300"><subfield code="a">xv, 179 pages :</subfield><subfield code="b">illustrations, map ;</subfield><subfield code="c">24 cm</subfield></datafield><datafield ind1=" " ind2=" " tag="336"><subfield code="a">text</subfield><subfield code="b">txt</subfield><subfield code="2">rdacontent</subfield></datafield><datafield ind1=" " ind2=" " tag="337"><subfield code="a">unmediated</subfield><subfield code="b">n</subfield><subfield code="2">rdamedia</subfield></datafield><datafield ind1=" " ind2=" " tag="338"><subfield code="a">volume</subfield><subfield code="b">nc</subfield><subfield code="2">rdacarrier</subfield></datafield><datafield ind1=" " ind2=" " tag="504"><subfield code="a">Includes bibliographical references and index.</subfield></datafield><datafield ind1="0" ind2=" " tag="505"><subfield code="a">Haitian Protestant Culture -- Haitians in the Bahamas -- Pastors, Churches, and Haitian Protestant Transnational Ties -- Haitian Protestant Liturgy -- 'The People Who Have Not Converted Yet, ' Protestant, and Christian -- Conclusion: Modernity Revisited.</subfield></datafield><datafield ind1=" " ind2=" " tag="596"><subfield code="a">16</subfield></datafield><datafield ind1=" " ind2="0" tag="650"><subfield code="a">Protestantism</subfield><subfield code="z">Haiti.</subfield></datafield><datafield ind1=" " ind2="0" tag="650"><subfield code="a">Haitians</subfield><subfield code="z">Bahamas.</subfield></datafield><datafield ind1=" " ind2="0" tag="650"><subfield code="a">Identification (Religion)</subfield><subfield code="x">Political aspects</subfield><subfield code="z">Haiti.</subfield></datafield><datafield ind1="4" ind2="2" tag="856"><subfield code="3">Cover image</subfield><subfield code="u">http://www.netread.com/jcusers/1313/2883752/image/lgcover.9781479809936.jpg</subfield></datafield><datafield ind1=" " ind2=" " tag="949"><subfield code="a">BX 4835 H2 L68 2015</subfield><subfield code="h">UAAU-B</subfield><subfield code="i">0162035245552</subfield></datafield><datafield ind1=" " ind2=" " tag="926"><subfield code="a">BX 4835 H2 L68 2015</subfield><subfield code="w">LC</subfield><subfield code="c">1</subfield><subfield code="i">0162035245552</subfield><subfield code="l">ON_SHELF</subfield><subfield code="m">UAAUG</subfield><subfield code="p">$150.00</subfield><subfield code="r">Y</subfield><subfield code="s">Y</subfield><subfield code="t">BOOK</subfield><subfield code="u">3/4/2015</subfield></datafield></record>